@COMMENT{{This is the BibTex library for IETF Internet-Drafts (I-D)}}

@COMMENT{{This file was automatically generated on Fri Feb 26 09:55:44 AM CET 2010 with id2bib.tcl 1.1}}

@COMMENT{{(c) Miguel Garcia, ea1dof (at) gmail.com}}

