@MISC{website:javaDiameterPeer,
      AUTHOR = "Fraunhofer FOKUS",
      TITLE = "The Open IMS Core Java Diameter Peer",
      MONTH = "October",
      YEAR = 2008,
      HOWPUBLISHED = "\url{http://www.openimscore.org/docs/JavaDiameterPeer/index.html}"
}

@Techreport{etsi.282.003,
  author = "ETSI",
  title = "{Telecommunications and Internet converged Services and Protocols for Advanced Networking (TISPAN); Resource and Admission Control Sub-System (RACS): Functional Architecture}",
  type = "ES",
  institution = "{European Telecommunications Standards Institute (ETSI)}",
  number = "{282 003}",
  days = 26,
  month = may,
  year = 2008,
}

@MISC{website:lartc,
      AUTHOR = "Bert Hubert",
      TITLE = "Linux Advanced Routing and Traffic Control",
      MONTH = "October",
      YEAR = 2008,
      HOWPUBLISHED = "\url{http://www.lartc.org}"
}

@MISC{website:netfilter,
      AUTHOR = "Netfilter",
      TITLE = "firewalling, NAT, and packet mangling for linux",
      MONTH = "October",
      YEAR = 2008,
      HOWPUBLISHED = "\url{http://www.netfilter.org}"
}

@Techreport{etsi.182.031,
  author = "ETSI",
  title = "{Telecommunications and Internet converged Services and Protocols for Advanced Networking (TISPAN); Remote CPN QoS Control; Study on CPN - RACS Interaction}",
  type = "TR",
  institution = "{European Telecommunications Standards Institute (ETSI)}",
  number = "{182.031}",
  days = 26,
  month = may,
  year = 2008,
}
